<?xml version="1.0" encoding="UTF-8"?><collection xmlns="http://www.loc.gov/MARC21/slim"><record><leader>00606nam--2200193-u-4500</leader><controlfield tag="001">000051307</controlfield><controlfield tag="002">20161230</controlfield><controlfield tag="005">20161230201049</controlfield><controlfield tag="008">080617s1000------------r-----000-0-eng-d</controlfield><datafield ind1=" " ind2=" " tag="040"><subfield code="a">IFIN-HH</subfield></datafield><datafield ind1=" " ind2=" " tag="080"><subfield code="a">517</subfield></datafield><datafield ind1="1" ind2=" " tag="100"><subfield code="a">Zaanen, Adriaan Cornelius</subfield></datafield><datafield ind1="1" ind2="0" tag="245"><subfield code="a">Linear Analysis. Measure and Integral, Banach and Hilbert Space, Linear Integral Equations</subfield></datafield><datafield ind1=" " ind2=" " tag="260"><subfield code="a">Amsterdam</subfield><subfield code="b">North-Holland Publishing Co</subfield><subfield code="c">1953</subfield></datafield><datafield ind1=" " ind2=" " tag="300"><subfield code="a">601 p</subfield></datafield><datafield ind1=" " ind2=" " tag="490"><subfield code="a">A series of Monograph on Pure Applied Mathematics</subfield><subfield code="v">Vol. II</subfield></datafield><datafield ind1="1" ind2=" " tag="700"><subfield code="a">Adriaan Cornelius Zaanen</subfield></datafield><datafield ind1=" " ind2=" " tag="852"><subfield code="a">10251</subfield><subfield code="c">517</subfield></datafield><datafield ind1=" " ind2=" " tag="CAT"><subfield code="a">Sys</subfield><subfield code="c">20080617</subfield><subfield code="h">110609</subfield></datafield></record></collection>